% Encoding: UTF-8

@book{Knuth1998,
 author = {Knuth, Donald E.},
 title = {The art of computer programming,  volume 3: (2nd ed.) sorting and searching},
 year = {1998},
 publisher = {Addison Wesley Longman Publishing Co., Inc.},
 address = {Redwood City, CA, USA}
}

@book{Pollefliet2011,
  author = {Pollefliet, Leen},
  title = {Schrijven van verslag tot eindwerk: do's en don'ts},
  year = {2011},
  publisher = {Academia Press},
  address = {Gent}
}

@article{Creeger2009,
  author = {Creeger, Mache},
  journal = {Communications of the ACM},
  number = {8},
  pages = {50--56},
  title = {{CTO Roundtable: Cloud Computing}},
  volume = {52},
  year = {2009}
}

@Online{build382022,
  author = {build38},
  date   = {2022-11-22},
  title  = {Mobile application security trends for 2023},
  url    = {https://build38.com/blog/by-mobile-app/trends-app-protection-2023/},
}

@Online{AndrewMakarov,
  author = {Andrew Makarov, Kyrylo Khlopko},
  date   = {2024-11-25},
  title  = {Mobile Application Security: Best Practices to Protecting Your App for Long-Term Success},
  url    = {https://mobidev.biz/blog/mobile-application-security-best-practices},
}

@Book{Cybersecurity2018,
  author = {European Union Agency for Cybersecurity},
  date   = {2018-01-29},
  title  = {Privacy and data protection in mobile applications},
  isbn   = {ISBN 978-92-9204-242-4},
  url    = {https://op.europa.eu/en/publication-detail/-/publication/5d1a8d45-0af0-11e8-966a-01aa75ed71a1},
}

@Online{Klesman2023,
  author = {Edwin Klesman},
  date   = {2023-08-21},
  title  = {.NET MAUI: De Evolutie van Multi-Platform App-Ontwikkeling in C#},
  url    = {https://edu-deta.com/techtalk/net-maui-de-evolutie-van-multi-platform-app-ontwikkeling-c/},
}

@Online{Jurisons2024,
  author = {Mārcis Jurisons},
  date   = {2024-12-26},
  title  = {The Pros and Cons of Two-Factor Authentication (2FA)},
  url    = {https://messente.com/blog/most-recent/2fa-pros-and-cons},
}

@Online{Longe2025,
  author = {Tope Longe},
  date   = {2025-01-30},
  title  = {NET MAUI vs React Native - How to Choose the Right Framework},
  url    = {https://uxcam.com/blog/net-maui-vs-react-native/},
}

@Online{Gajjam2025,
  author = {Rohit Gajjam},
  date   = {2025-04-17},
  title  = {.NET MAUI vs Flutter vs React Native: A Detailed Comparison for 2025},
  url    = {https://envitics.com/dotnet-maui-vs-flutter-vs-react-native-2025/},
}

@Report{Research2024,
  author = {Grand View Research},
  date   = {2024},
  title  = {Progressive Web Apps Market Size & Growth Report, 2030},
  url    = {https://www.grandviewresearch.com/industry-analysis/progressive-web-apps-pwa-market-report},
}

@Online{Sheth2024,
  author = {Adit Sheth},
  date   = {2024-12-05},
  title  = {Why you should choose .Net MAUI for cross-platform development in 2025},
  url    = {https://www.virtualcoders.net/blog/why-choose-net-maui-for-cross-platform-development-in-2025/},
}

@Thesis{Zukarnain2022,
  author      = {Zuriati Ahmad Zukarnain , Amgad Muneer , Mohd Khairulanuar Ab Aziz},
  date        = {2022-04-14},
  institution = {Universiti Teknologi PETRONAS},
  title       = {Authentication Securing Methods for Mobile Identity: Issues, Solutions and Challenges},
  type        = {mathesis},
  url         = {https://www.mdpi.com/2073-8994/14/4/821},
}

@Thesis{Wohllebe2021,
  author      = {Atilla Wohllebe, Manuel Rolf Adler, Szilárd Podruzsik},
  date        = {2021-06-08},
  institution = {Hungarian University of Agriculture and Life Sciences},
  title       = {Influence of Design Elements of Mobile Push Notificationson Mobile App User Interactions},
  type        = {mathesis},
}

@Online{pushwoosh2025,
  author = {pushwoosh},
  date   = {2025-04-08},
  title  = {What are push notifications?},
  url    = {https://www.pushwoosh.com/blog/what-are-push-notifications/},
}

@Thesis{Neteler2024,
  author      = {Thomas Neteler; Sascha Fahl; Luigi Lo Iacono},
  date        = {2024-08-05},
  institution = {University of Applied Sciences, Sankt Augustin, Germany},
  title       = {“You Received $100,000 From Johnny”: A Mixed-Methods Study on Push Notification Security and Privacy in Android Apps},
  type        = {mathesis},
}

@Thesis{ThuThuZan2018,
  author      = {Thu Thu Zan, Sabai Phyu},
  date        = {2018-07-01},
  institution = {University of Computer Studies, Yangon},
  title       = {Reliable Multicast Notification System onMobile Location Indexing},
  type        = {mathesis},
}

@Thesis{Lou2016,
  author      = {Lou},
  date        = {2016-10-31},
  institution = {Eindhoven University of Technology},
  title       = {A comparison of Android Native App Architecture: MVC, MVP and MVVM},
  type        = {mathesis},
  url         = {https://research.tue.nl/en/studentTheses/a-comparison-of-android-native-app-architecture},
}

@Thesis{Dobrean2019,
  author      = {Dobrean},
  date        = {2019-02-04},
  institution = {A UNIV. BABES¸–BOLYAI},
  title       = {A COMPARATIVE STUDY OF SOFTWAREARCHITECTURES IN MOBILE APPLICATIONS},
  type        = {mathesis},
}

@Online{ViniciusFulberGarcia2024,
  author = {Vinicius Fulber-Garcia, Michal Aibin},
  date   = {2024-03-18},
  title  = {Rainbow Table Attacks},
  url    = {https://www.baeldung.com/cs/rainbow-table-attacks},
}

@Thesis{Masi2012,
  author      = {Emiliano Masi},
  date        = {2012},
  institution = {University of Roma Tor Vergata},
  title       = {Mobile Apps Development: A Framework for Technology Decision Making},
  type        = {mathesis},
}

@Thesis{Jobe2013,
  author      = {William Jobe},
  date        = {2013-10-12},
  institution = {University West},
  title       = {Native Apps Vs. Mobile Web Apps},
  type        = {mathesis},
  url         = {https://www.researchgate.net/profile/William-Jobe/publication/268153001_Native_Apps_Vs_Mobile_Web_Apps/links/546346b30cf2cb7e9da765c3/Native-Apps-Vs-Mobile-Web-Apps.pdf?__cf_chl_tk=FKUQ8KCtbzrDcmeAefGUujAmZo0tsmyqHXcfanY1e8o-1755714619-1.0.1.1-VuFXEcb_9Zjuq3ytZ8aThamKMDTC.Gtyml0cNqTthQY},
}

@Thesis{PokuMarboah2021,
  author      = {Oheneba Poku-Marboah},
  date        = {2021-07-17},
  institution = {Metropolia University of Applied Sciences},
  title       = {Mobile Application Development Methods: Comparing Native and Non-Native Applications},
  type        = {bathesis},
  url         = {https://www.theseus.fi/bitstream/handle/10024/505896/Poku-Marboah_Oheneba.pdf?sequence=2},
}

@Thesis{Magomadov2020,
  author      = {Magomadov},
  date        = {2020},
  institution = {Chechen State University},
  title       = {Exploring the role of progressive web applications in modern web development},
  type        = {mathesis},
  url         = {https://iopscience.iop.org/article/10.1088/1742-6596/1679/2/022043/pdf},
}

@Thesis{Zhong2015,
  author      = {Hao Zhong},
  date        = {2015-08-01},
  institution = {Shanghai Jiao Tong University},
  title       = {An Empirical Study on API Usages},
  type        = {mathesis},
  url         = {https://drive.google.com/file/d/1rgUXRtIVvPA_bM1UJAjYOPTqq7ngXjvq/view},
}

@Thesis{MuhammadKhanLodhi2023,
  author      = {MuhammadKhanLodhi},
  institution = {Hamburg University of Applied Sciences},
  title       = {ComparisonandEvaluationofCross-PlatformFrameworks},
  type        = {bathesis},
  url         = {https://reposit.haw-hamburg.de/bitstream/20.500.12738/16031/1/BA_Comparison and Evaluation of Cross-Platform Frameworks.pdf},
}

@Book{JohanFabry2017,
  author = {Johan Fabry, Stéphane Ducasse},
  date   = {2017-10-07},
  title  = {The Spec UI framework},
  url    = {https://inria.hal.science/hal-01612690/document},
}

@Thesis{Dagne2019,
  author      = {Lukas Dagne},
  date        = {2019-05-01},
  institution = {Metropolia University of Applied Sciences},
  title       = {Flutter for cross-platform App and SDK development},
  type        = {bathesis},
  url         = {https://www.theseus.fi/bitstream/handle/10024/172866/Lukas Dagne Thesis.pdf},
}

@Thesis{Danielsson2016,
  author      = {William Danielsson},
  date        = {2016},
  institution = {Linköpings universitet},
  title       = {React Native application development},
  type        = {mathesis},
  url         = {https://www.diva-portal.org/smash/get/diva2:998793/FULLTEXT02.pdf},
}

@Thesis{Omsha2024,
  author      = {Basil Omsha},
  date        = {2024-03-01},
  institution = {Hame University of Applied Sciences},
  title       = {A Comparative Study of .NET MAUI and Avalonia in Cross-Platform Mobile Application Development},
  type        = {bathesis},
  url         = {https://www.theseus.fi/bitstream/handle/10024/857200/Omsha_Basil.pdf?sequence=5&isAllowed=y},
}

@Thesis{Balaj2017,
  author      = {Yjvesa Balaj},
  date        = {2017-09-01},
  institution = {University of Prishtina},
  title       = {Token-Based vs Session-Based Authentication},
  type        = {mathesis},
  url         = {https://www.researchgate.net/profile/Yjvesa-Balaj/publication/320068250_Token-Based_vs_Session-Based_Authentication_A_survey/links/59cbe9e6a6fdcc451d5ce727/Token-Based-vs-Session-Based-Authentication-A-survey.pdf},
}

@Thesis{Sriramya2015,
  author      = {Sriramya, Karthika},
  date        = {2015-06-01},
  institution = {Department of Computer Science and Engineering, Saveetha School of Engineering, Saveetha University},
  title       = {PROVIDING PASSWORD SECURITY BY SALTED PASSWORD HASHING USING BCRYPT ALGORITHM},
  type        = {mathesis},
  url         = {https://d1wqtxts1xzle7.cloudfront.net/97670981/jeas_0715_2288-libre.pdf?1674460700=&response-content-disposition=inline;+filename=Providing_Password_Security_by_Salted_Pa.pdf&Expires=1755794524&Signature=HpdXaBSYJPOCG4t268j~xXOfYdFhJ7vbLsGtQUJ1oVy8AXX2EL0E4sVNAPE~pQlzjwocChFezsGp3UINacijDuLtl71JzazmtRxSzldYn0DSFoUBXDwQA1zJXEgkLC7u6mV9CzK-pnsi~WAkeyb1j7bm1A5qTthu0QFsZpsHE0ccsR4r2kX7JrVDbKvmW8OjJH46TH6PGbRN6S2tg69vJZGexOneCCgD7VfJl0to3ueUE31HKEI1mLFyKrpalMR0nMBcPoim0PgVkdCxhlf~Bn493qGSB2m7dE6b0-1myS5zu6oiLkOEw6VsersGZdWHklc5E4sB5ch7YTWHW2uTBg__&Key-Pair-Id=APKAJLOHF5GGSLRBV4ZA},
}

@Thesis{Long2019,
  author      = {Sihan Long},
  date        = {2019},
  institution = {Changzhou University Huaide College},
  title       = {A Comparative Analysis of the Application of Hashing Encryption Algorithms for MD5, SHA-1, and SHA-512},
  type        = {mathesis},
  url         = {https://iopscience.iop.org/article/10.1088/1742-6596/1314/1/012210/pdf},
}

@Report{SanderVinberg2021,
  author = {Sander Vinberg, Jarrod Overson},
  date   = {2021-02-09},
  title  = {2021 Credential Stuffing Report},
  type   = {techreport},
  url    = {https://tech-info.biz-tech-insights.com/whitepaper/F5-Security-EN-2.pdf},
}

@Thesis{Florczak2023,
  author      = {Sebastian Florczak},
  date        = {2023-10-13},
  institution = {University of Information Technology and Management, Poland},
  title       = {TWO-FACTOR AUTHENTICATION (2FA) COMPARISON OFMETHODSAND APPLICATIONS},
  type        = {mathesis},
  url         = {file:///C:/Users/stefa/Downloads/AWDJ_2023_01_florczak_jasiak_szczygiel.pdf},
}

@Thesis{Heydari2023,
  author      = {Melika Heydari},
  date        = {2023},
  institution = {Iran University of Science and Technology},
  title       = {Energy Management and Energy Consumption: A Comprehensive Study},
  type        = {mathesis},
}

@Thesis{Rafique2017,
  author      = {Syed Furqan Rafique},
  date        = {2017-03-20},
  institution = {National University of Science and Technology, Islambad, Pakistan},
  title       = {Energy Management system, generation and demand predictors: a review},
  type        = {mathesis},
  url         = {https://ietresearch.onlinelibrary.wiley.com/doi/epdf/10.1049/iet-gtd.2017.0354},
}

@Comment{jabref-meta: databaseType:biblatex;}
