% Encoding: UTF-8

@Online{Lau2022,
  author = {Grace Lau},
  date   = {2022-05-30},
  title  = {Native vs Hybrid: Which Mobile App Platform Should You Choose?},
  url    = {https://www.codemotion.com/magazine/frontend/mobile-dev/native-vs-hybrid-which-mobile-app-platform-should-you-choose/},
}

@Online{Singh2024,
  author = {Gurdeep Singh},
  date   = {2024-08-31},
  title  = {Native vs Hybrid Mobile App Development: The Better Choice for Your Business},
  url    = {https://appinventiv.com/blog/native-vs-hybrid-app-development/},
}

@WWW{Microsoft,
  author = {Microsoft},
  title  = {Native, hybrid, or cross-platform apps?},
  url    = {https://www.microsoft.com/en-us/power-platform/products/power-apps/topics/app-development/native-vs-cross-platform-apps},
}

@Online{Soegaard2024,
  author = {Mads Soegaard},
  date   = {2024-02-15},
  title  = {Native, Web or Hybrid App: Which One is Better?},
  url    = {https://www.interaction-design.org/literature/article/native-vs-hybrid-vs-responsive-what-app-flavour-is-best-for-you?srsltid=AfmBOooiLkcx9cpZhL9TfQ93-ikRiUKpv4jRKIKM2lCp4iYpUs_diSHi},
}

@WWW{Amazon,
  author = {AWS Amazon},
  title  = {What’s the Difference Between Web Apps, Native Apps, and Hybrid Apps?},
  url    = {https://aws.amazon.com/compare/the-difference-between-web-apps-native-apps-and-hybrid-apps/},
}

@Conference{DavidFortunato2018,
  author      = {David Fortunato, Jorge Bernardino},
  booktitle   = {Web Information Systems and Technologies},
  date        = {2018-06-28},
  title       = {Progressive web apps: An alternative to the native mobile Apps},
  institution = {Iberian Conference on Information Systems and Technologies (CISTI)},
}

@Conference{AndreasBioernHansen2018,
  author    = {Andreas Biørn-Hansen, Tim A. Majchrzak & Tor-Morten Grønli},
  booktitle = {Web Information Systems and Technologies},
  date      = {2018-06-19},
  title     = {Progressive Web Apps for the Unified Development of Mobile Applications},
}

@Online{Mozilla,
  author = {Mozilla},
  title  = {Progressive web apps},
  url    = {https://developer.mozilla.org/en-US/docs/Web/Progressive_web_apps},
}

@Conference{Zhu2014,
  author    = {Hengshu Zhu, Hui Xiong, Yong Ge, Enhong Chen},
  booktitle = {Knowledge Discovery and Data Mining},
  date      = {2014-08-24},
  title     = {Mobile app recommendations with security and privacy awareness},
}

@Conference{YongWang2015,
  author    = {Yong Wang, Yazan Alshboul},
  booktitle = {Conference on Mobile and Secure Services (MOBISECSERV)},
  date      = {2015-04-02},
  title     = {Mobile security testing approaches and challenges},
}

@Conference{PawelWeichbroth2020,
  author    = {Paweł Weichbroth, Łukasz Łysik},
  booktitle = {Mobile Information Systems},
  date      = {2020-12-07},
  title     = {Mobile Security: Threats and Best Practices},
}

@WWW{Android2024,
  author = {Android},
  date   = {2024-11-12},
  title  = {Notifications overview},
  url    = {https://developer.android.com/develop/ui/views/notifications},
}

@Online{Sarin,
  author = {Arvind Sarin},
  title  = {What is a Mobile App Push Notification, and How does it work?},
  url    = {https://copperdigital.com/blog/how-does-a-push-notification-work-in-mobile-apps/},
}

@Comment{jabref-meta: databaseType:biblatex;}
